@article {AndKop96,
  title= {A study of difference schemes with the first derivative approximated by a central difference ratio},
  author = {Andreyev, V. B. and Kopteva, N. V.},
  journal = {Comput. Math. Math. Phys.},
  volume = {36},
  year= {1996},
  number = {8},
  pages = {1065--1078},
}
@incollection {Ben16,
    AUTHOR = {Benzi, Michele},
     TITLE = {Localization in Matrix Computations: Theory and Applications},
 BOOKTITLE = {Exploiting Hidden Structure in Matrix Computations: Algorithms
              and Applications},
    SERIES = {Lecture Notes in Math.},
    VOLUME = {2173},
     PAGES = {211--317},
 PUBLISHER = {Springer, Cham},
      YEAR = {2016},
   MRCLASS = {65F99 (15-01)},
  MRNUMBER = {3618088},
MRREVIEWER = {Daniele Bertaccini},
}
@article {BenFroNabSzy01,
  AUTHOR = {Benzi, Michele and Frommer, Andreas and Nabben, Reinhard and Szyld, Daniel B.},
  TITLE = {Algebraic theory of multiplicative {S}chwarz methods},
  JOURNAL = {Numer. Math.},
  FJOURNAL = {Numerische Mathematik},
  VOLUME = {89},
  YEAR = {2001},
  NUMBER = {4},
  PAGES = {605--639},
  ISSN = {0029-599X},
  MRCLASS = {65F10},
  MRNUMBER = {1865505},
  DOI = {10.1007/s002110100275},
  URL = {http://dx.doi.org/10.1007/s002110100275},
  PUBLISHER = {Springer}
}
@article {BenBoi14,
    AUTHOR = {Benzi, Michele and Boito, Paola},
     TITLE = {Decay properties for functions of matrices over
              {$C^*$}-algebras},
   JOURNAL = {Linear Algebra Appl.},
  FJOURNAL = {Linear Algebra and its Applications},
    VOLUME = {456},
      YEAR = {2014},
     PAGES = {174--198},
      ISSN = {0024-3795},
   MRCLASS = {47A60 (15A16 46L05 65F60)},
  MRNUMBER = {3223897},
       URL = {https://doi.org/10.1016/j.laa.2013.11.027},
}
@article{BenEvaHamLupSla17,
    AUTHOR = {Benzi, Michele and Evans, Thomas M. and Hamilton, Steven P.
              and Lupo Pasini, Massimiliano and Slattery, Stuart R.},
     TITLE = {Analysis of {M}onte {C}arlo accelerated iterative methods for
              sparse linear systems},
   JOURNAL = {Numer. Linear Algebra Appl.},
  FJOURNAL = {Numerical Linear Algebra with Applications},
    VOLUME = {24},
      YEAR = {2017},
    NUMBER = {3},
     PAGES = {e2088, 18},
      ISSN = {1070-5325},
   MRCLASS = {65F50 (65C05)},
  MRNUMBER = {3639331},
       URL = {https://doi.org/10.1002/nla.2088},
}
@article {BenGol99,
    AUTHOR = {Benzi, Michele and Golub, Gene H.},
     TITLE = {Bounds for the entries of matrix functions with applications
              to preconditioning},
   JOURNAL = {BIT},
  FJOURNAL = {BIT. Numerical Mathematics},
    VOLUME = {39},
      YEAR = {1999},
    NUMBER = {3},
     PAGES = {417--438},
      ISSN = {0006-3835},
   MRCLASS = {65F10 (15A12 65F30)},
  MRNUMBER = {1708693},
MRREVIEWER = {George D. Poole},
       URL = {https://doi.org/10.1023/A:1022362401426},
}
@article {BenOls06,
    AUTHOR = {Benzi, Michele and Olshanskii, Maxim A.},
     TITLE = {An augmented {L}agrangian-based approach to the {O}seen
              problem},
   JOURNAL = {SIAM J. Sci. Comput.},
  FJOURNAL = {SIAM Journal on Scientific Computing},
    VOLUME = {28},
      YEAR = {2006},
    NUMBER = {6},
     PAGES = {2095--2113},
      ISSN = {1064-8275},
   MRCLASS = {65F10 (65N22 76D05 76M10)},
  MRNUMBER = {2272253},
MRREVIEWER = {Murli M. Gupta},
       DOI = {10.1137/050646421},
       URL = {https://doi.org/10.1137/050646421},
}
@article {BenRaz07,
    AUTHOR = {Benzi, Michele and Razouk, Nader},
     TITLE = {Decay bounds and {$O(n)$} algorithms for approximating
              functions of sparse matrices},
   JOURNAL = {Electron. Trans. Numer. Anal.},
  FJOURNAL = {Electronic Transactions on Numerical Analysis},
    VOLUME = {28},
      YEAR = {2007/08},
     PAGES = {16--39},
      ISSN = {1068-9613},
   MRCLASS = {65F30 (47N50)},
  MRNUMBER = {2455657},
MRREVIEWER = {Ross A. Lippert},
}
@article {BenSim15,
    AUTHOR = {Benzi, Michele and Simoncini, Valeria},
     TITLE = {Decay bounds for functions of {H}ermitian matrices with banded
              or {K}ronecker structure},
   JOURNAL = {SIAM J. Matrix Anal. Appl.},
  FJOURNAL = {SIAM Journal on Matrix Analysis and Applications},
    VOLUME = {36},
      YEAR = {2015},
    NUMBER = {3},
     PAGES = {1263--1282},
      ISSN = {0895-4798},
   MRCLASS = {47A56 (15A16)},
  MRNUMBER = {3391978},
MRREVIEWER = {Shi Fang Yuan},
       URL = {https://doi.org/10.1137/151006159},
}
@incollection{BenWat08,
  AUTHOR = {Benzi, Michele and Wathen, Andrew J.},
  TITLE = {Some preconditioning techniques for saddle point problems},
  BOOKTITLE = {Model Order Reduction: Theory, Research Aspects and Applications},
  SERIES = {Math. Ind.},
  VOLUME = {13},
  PAGES = {195--211},
  PUBLISHER = {Springer, Berlin},
  YEAR = {2008},
  MRCLASS = {90C47 (65F08 65K10)},
  MRNUMBER = {2497753},
  MRREVIEWER = {Daniel Potts},
  DOI = {10.1007/978-3-540-78841-6_10},
  URL = {http://dx.doi.org/10.1007/978-3-540-78841-6_10},
}
@book{BerPle94,
  AUTHOR = {Berman, Abraham and Plemmons, Robert J.},
  TITLE = {Nonnegative Matrices in the Mathematical Sciences},
  SERIES = {Classics in Applied Mathematics},
  VOLUME = {9},
  NOTE = {Revised reprint of the 1979 original},
  PUBLISHER = {SIAM, Philadelphia, PA},
  YEAR = {1994},
  PAGES = {xx+340},
  ISBN = {0-89871-321-8},
  MRCLASS = {15A48 (15-02 60J10 90C33)},
  MRNUMBER = {1298430},
  DOI = {10.1137/1.9781611971262},
  URL = {http://dx.doi.org/10.1137/1.9781611971262},
}
@book{Bra07,
    AUTHOR = {Braess, Dietrich},
     TITLE = {Finite elements},
   EDITION = {Third},
      NOTE = {Theory, fast solvers, and applications in elasticity theory,
              Translated from the German by Larry L. Schumaker},
 PUBLISHER = {Cambridge University Press, Cambridge},
      YEAR = {2007},
     PAGES = {xviii+365},
      ISBN = {978-0-521-70518-9; 0-521-70518-5},
   MRCLASS = {65N30 (65-02 74S05)},
  MRNUMBER = {2322235},
       DOI = {10.1017/CBO9780511618635},
       URL = {https://doi.org/10.1017/CBO9780511618635},
}
@article{BraPasVass98,
    AUTHOR = {Bramble, James H. and Pasciak, Joseph E. and Vassilev, Apostol
              T.},
     TITLE = {Analysis of non-overlapping domain decomposition algorithms
              with inexact solves},
   JOURNAL = {Math. Comp.},
  FJOURNAL = {Mathematics of Computation},
    VOLUME = {67},
      YEAR = {1998},
    NUMBER = {221},
     PAGES = {1--19},
      ISSN = {0025-5718},
   MRCLASS = {65N30 (65F10)},
  MRNUMBER = {1432125},
MRREVIEWER = {Jan Mandel},
       DOI = {10.1090/S0025-5718-98-00879-5},
       URL = {https://doi.org/10.1090/S0025-5718-98-00879-5},
}
@article {BruPedSzy04,
    AUTHOR = {Bru, Rafael and Pedroche, Francisco and Szyld, Daniel B.},
     TITLE = {Overlapping additive and multiplicative {S}chwarz iterations
              for {$H$}-matrices},
   JOURNAL = {Linear Algebra Appl.},
  FJOURNAL = {Linear Algebra and its Applications},
    VOLUME = {393},
      YEAR = {2004},
     PAGES = {91--105},
      ISSN = {0024-3795},
   MRCLASS = {65F10 (65F35)},
  MRNUMBER = {2098607},
MRREVIEWER = {Xiao Liang Cheng},
       DOI = {10.1016/j.laa.2003.10.022},
       URL = {https://doi.org/10.1016/j.laa.2003.10.022},
}
@article{CanSimVer14,
    AUTHOR = {Canuto, C. and Simoncini, V. and Verani, M.},
     TITLE = {On the decay of the inverse of matrices that are sum of
              {K}ronecker products},
   JOURNAL = {Linear Algebra Appl.},
  FJOURNAL = {Linear Algebra and its Applications},
    VOLUME = {452},
      YEAR = {2014},
     PAGES = {21--39},
      ISSN = {0024-3795},
   MRCLASS = {15A09 (65F50)},
  MRNUMBER = {3201087},
MRREVIEWER = {Yimin Wei},
       URL = {https://doi.org/10.1016/j.laa.2014.03.029},
}
@article{Cap70,
    AUTHOR = {Capovani, Milvio},
     TITLE = {Sulla determinazione della inversa delle matrici tridiagonali
              e tridiagonali a blocchi},
   JOURNAL = {Calcolo},
  FJOURNAL = {Calcolo. A Quarterly on Numerical Analysis and Theory of
              Computation},
    VOLUME = {7},
      YEAR = {1970},
     PAGES = {295--303},
      ISSN = {0008-0624},
   MRCLASS = {15A09},
  MRNUMBER = {0360627},
MRREVIEWER = {B. W. Levinger},
       URL = {https://doi.org/10.1007/BF02575602},
}
@article {Cap71,
    AUTHOR = {Capovani, M.},
     TITLE = {Su alcune propriet\`a delle matrici tridiagonali e
              pentadiagonali},
   JOURNAL = {Calcolo},
  FJOURNAL = {Calcolo. A Quarterly on Numerical Analysis and Theory of
              Computation},
    VOLUME = {8},
      YEAR = {1971},
     PAGES = {149--159},
      ISSN = {0008-0624},
   MRCLASS = {65F30},
  MRNUMBER = {0305576},
MRREVIEWER = {A. Lee},
       URL = {https://doi.org/10.1007/BF02575581},
}
@article{ChaMat94,
  AUTHOR = {Chan, Tony F. and Mathew, Tarek P.},
  TITLE = {Domain decomposition algorithms},
  BOOKTITLE = {Acta numerica, 1994},
  SERIES = {Acta Numer.},
  PAGES = {61--143},
  PUBLISHER = {Cambridge Univ. Press, Cambridge},
  YEAR = {1994},
  MRCLASS = {65N55 (65M55 65N22)},
  MRNUMBER = {1288096},
  MRREVIEWER = {Rolf Rannacher},
  DOI = {10.1017/S0962492900002427},
  URL = {http://dx.doi.org/10.1017/S0962492900002427},
}
@article {ChaSunZheLu18,
    AUTHOR = {Chang, Ailian and Sun, HongGuang and Zheng, Chunmiao and Lu,
              Bingqing and Lu, Chengpeng and Ma, Rui and Zhang, Yong},
     TITLE = {A time fractional convection-diffusion equation to model gas
              transport through heterogeneous soil and gas reservoirs},
   JOURNAL = {Phys. A},
  FJOURNAL = {Physica A. Statistical Mechanics and its Applications},
    VOLUME = {502},
      YEAR = {2018},
     PAGES = {356--369},
      ISSN = {0378-4371},
   MRCLASS = {76N15 (35R11 76S05)},
  MRNUMBER = {3786155},
       DOI = {10.1016/j.physa.2018.02.080},
       URL = {https://doi.org/10.1016/j.physa.2018.02.080},
}
@book{Dem97,
   AUTHOR = {Demmel, James W.},
     TITLE = {Applied Numerical Linear Algebra},
 PUBLISHER = {Society for Industrial and Applied Mathematics (SIAM),
              Philadelphia, PA},
      YEAR = {1997},
     PAGES = {xii+419},
      ISBN = {0-89871-389-7},
   MRCLASS = {65-01 (65Fxx)},
  MRNUMBER = {1463942},
MRREVIEWER = {William W. Hager},
       DOI = {10.1137/1.9781611971446},
       URL = {https://doi.org/10.1137/1.9781611971446},
}
@article {DemMosSmi84,
    AUTHOR = {Demko, Stephen and Moss, William F. and Smith, Philip W.},
     TITLE = {Decay rates for inverses of band matrices},
   JOURNAL = {Math. Comp.},
  FJOURNAL = {Mathematics of Computation},
    VOLUME = {43},
      YEAR = {1984},
    NUMBER = {168},
     PAGES = {491--499},
      ISSN = {0025-5718},
   MRCLASS = {15A09 (15A60 65F15)},
  MRNUMBER = {758197},
MRREVIEWER = {Donald Kershaw},
       URL = {https://doi.org/10.2307/2008290},
}
@article {Dieci92,
    AUTHOR = {Dieci, Luca and Lorenz, Jens},
     TITLE = {Block {$M$}-matrices and computation of invariant tori},
   JOURNAL = {SIAM J. Sci. Statist. Comput.},
  FJOURNAL = {Society for Industrial and Applied Mathematics. Journal on
              Scientific and Statistical Computing},
    VOLUME = {13},
      YEAR = {1992},
    NUMBER = {4},
     PAGES = {885--903},
      ISSN = {0196-5204},
   MRCLASS = {65L99 (34C30 65J10 65N22 73K12)},
  MRNUMBER = {1166167},
MRREVIEWER = {Zdzis\l aw W. Trzaska},
       DOI = {10.1137/0913053},
       URL = {https://doi.org/10.1137/0913053},
}
@book{DolJolNat15,
  AUTHOR = {Dolean, Victorita and Jolivet, Pierre and Nataf, Fr\'ed\'eric},
  TITLE = {An Introduction to Domain Decomposition Methods: Algorithms, Theory, and Parallel Implementation},
  PUBLISHER = {SIAM, Philadelphia, PA},
  YEAR = {2015},
  PAGES = {x+238},
  ISBN = {978-1-611974-05-8},
  MRCLASS = {65-02 (65M55 65N55)},
  MRNUMBER = {3450068},
  MRREVIEWER = {Benjamin Wi-Lian Ong},
  DOI = {10.1137/1.9781611974065.ch1},
  URL = {http://dx.doi.org/10.1137/1.9781611974065.ch1},
}
@article{EchLieSzyTic18,
    AUTHOR = {Echeverr{\'i}a, Carlos and Liesen, J\"org and Szyld, Daniel B. and
              Tich{\'y}, Petr},
     TITLE = {Convergence of the multiplicative {S}chwarz method for
              singularly perturbed convection-diffusion problems discretized
              on a {S}hishkin mesh},
   JOURNAL = {Electron. Trans. Numer. Anal.},
  FJOURNAL = {Electronic Transactions on Numerical Analysis},
    VOLUME = {48},
      YEAR = {2018},
     PAGES = {40--62},
      ISSN = {1068-9613},
   MRCLASS = {65L11 (65L12 65L50)},
       DOI = {10.1553/etna_vol48s40},
  MRNUMBER = {3772640},
}
@article{EchLieNab18,
    AUTHOR = {Echeverr\'{i}a, Carlos and Liesen, J\"{o}rg and Nabben, Reinhard},
     TITLE = {Block diagonal dominance of matrices revisited: bounds for the
              norms of inverses and eigenvalue inclusion sets},
   JOURNAL = {Linear Algebra Appl.},
  FJOURNAL = {Linear Algebra and its Applications},
    VOLUME = {553},
      YEAR = {2018},
     PAGES = {365--383},
      ISSN = {0024-3795},
   MRCLASS = {15A45 (65F15)},
  MRNUMBER = {3809385},
       DOI = {10.1016/j.laa.2018.04.025},
       URL = {https://doi.org/10.1016/j.laa.2018.04.025},
}
@article{EchLieTic19,
       author = {{Echeverr{\'\i}a}, Carlos and {Liesen}, J{\"o}rg and {Tich{\'y}}, Petr},
        title = "{Analysis of the multiplicative Schwarz method for matrices with a special block structure}",
      journal = {arXiv e-prints},
     keywords = {Mathematics - Numerical Analysis, 15A60, 65F10, 65F35},
         year = "2019",
        month = "Dec",
          eid = {arXiv:1912.09107},
        pages = {arXiv:1912.09107},
archivePrefix = {arXiv},
       eprint = {1912.09107},
 primaryClass = {math.NA},
       adsurl = {https://ui.adsabs.harvard.edu/abs/2019arXiv191209107E},
}
@article{Eie93,
  author = {Eiermann, Michael},
  title = {Fields of values and iterative methods},
  journal = {Linear Algebra Appl.},
  year = {1993},
  volume = {180},
  pages = {167--197}
}
@article{ElmChe93,
  author = {Elman, Howard H and Chernesky, Michael P},
  title = {{Ordering effects on relaxation methods applied to the discrete  one-dimensional convection-diffusion equation}},
  journal = {SIAM J. Numer. Anal.},
  year = {1993},
  volume = {30},
  number = {5},
  pages = {1268--1290}
}
@book{ElmSilWat14,
    AUTHOR = {Elman, Howard C. and Silvester, David J. and Wathen, Andrew
              J.},
     TITLE = {Finite elements and fast iterative solvers: with applications
              in incompressible fluid dynamics},
    SERIES = {Numerical Mathematics and Scientific Computation},
   EDITION = {2nd edition},
 PUBLISHER = {Oxford University Press, Oxford},
      YEAR = {2014},
     PAGES = {xiv+479},
      ISBN = {978-0-19-967880-8},
   MRCLASS = {65-02 (65N22 65N30 76M10)},
  MRNUMBER = {3235759},
       DOI = {10.1093/acprof:oso/9780199678792.001.0001},
       URL = {https://doi.org/10.1093/acprof:oso/9780199678792.001.0001},
}
@article {Ern00,
    AUTHOR = {Ernst, Oliver G.},
     TITLE = {Residual-minimizing {K}rylov subspace methods for stabilized
              discretizations of convection-diffusion equations},
   JOURNAL = {SIAM J. Matrix Anal. Appl.},
  FJOURNAL = {SIAM Journal on Matrix Analysis and Applications},
    VOLUME = {21},
      YEAR = {2000},
    NUMBER = {4},
     PAGES = {1079--1101},
      ISSN = {0895-4798},
   MRCLASS = {65N22 (65F30)},
  MRNUMBER = {1745520},
MRREVIEWER = {Larisa V. Maslovskaya},
       DOI = {10.1137/S0895479897325761},
       URL = {https://doi.org/10.1137/S0895479897325761},
}

@book {Eva10,
    AUTHOR = {Evans, Lawrence C.},
     TITLE = {Partial Differential Equations},
    SERIES = {Graduate Studies in Mathematics},
    VOLUME = {19},
   EDITION = {2nd edition},
 PUBLISHER = {American Mathematical Society, Providence, RI},
      YEAR = {2010},
     PAGES = {xxii+749},
      ISBN = {978-0-8218-4974-3},
   MRCLASS = {35-01},
  MRNUMBER = {2597943},
MRREVIEWER = {Diego M. Maldonado},
       DOI = {10.1090/gsm/019},
       URL = {https://doi.org/10.1090/gsm/019},
}
@incollection {Far89,
    AUTHOR = {Farrell, Paul A.},
     TITLE = {Flow conforming iterative methods for convection dominated flows},
 BOOKTITLE = {Numerical and applied mathematics, {P}art {II} ({P}aris, 1988)},
    SERIES = {IMACS Ann. Comput. Appl. Math.},
    VOLUME = {1},
     PAGES = {681--686},
 PUBLISHER = {Baltzer, Basel},
      YEAR = {1989},
   MRCLASS = {65L10},
  MRNUMBER = {1066072},
}
@article{FonPet01,
  AUTHOR = {da Fonseca, C. M. and Petronilho, J.},
  TITLE = {Explicit inverses of some tridiagonal matrices},
  JOURNAL = {Linear Algebra Appl.},
  FJOURNAL = {Linear Algebra and its Applications},
  VOLUME = {325},
  YEAR = {2001},
  NUMBER = {1-3},
  PAGES = {7--21},
  ISSN = {0024-3795},
  MRCLASS = {15A09 (33C45 42C05)},
  MRNUMBER = {1810092},
  MRREVIEWER = {Shuangzhe Liu},
  DOI = {10.1016/S0024-3795(00)00289-5},
  URL = {http://dx.doi.org/10.1016/S0024-3795(00)00289-5},
}
@book{FarHegMilOriShi00,
  AUTHOR = {Farrell, P. A. and Hegarty, A. F. and Miller, J. J. H. and O'Riordan, E. and Shishkin, G. I.},
  TITLE = {Robust Computational Techniques for Boundary Layers},
  SERIES = {Applied Mathematics (Boca Raton)},
  VOLUME = {16},
  PUBLISHER = {Chapman \& Hall/CRC, Boca Raton, FL},
  YEAR = {2000},
  PAGES = {xvi+254},
  ISBN = {1-58488-192-5},
  MRCLASS = {65-02 (65L08 65L20 65N06 76D10 76M20 76N20)},
  MRNUMBER = {1750671},
  MRREVIEWER = {Martin Stynes},
}
@incollection{FarShi00,
  title={Schwartz Methods for singularly perturbed convection-diffusion problems},
  author={Farrell, P. A. and Shishkin, G. I.},
  editor={Miller, J. J. H. and Shishkin, G. I. and Vulkov, L.},
  booktitle={Analytical and Numerical Methods for Convection-Dominated and Singularly Perturbed Problems},
  pages={33--42},
  year={2000},
  publisher={Nova Science Publishers New York}
}
@article {FeiVar62,
    AUTHOR = {Feingold, David G. and Varga, Richard S.},
     TITLE = {Block diagonally dominant matrices and generalizations of the
              {G}erschgorin circle theorem},
   JOURNAL = {Pacific J. Math.},
  FJOURNAL = {Pacific Journal of Mathematics},
    VOLUME = {12},
      YEAR = {1962},
     PAGES = {1241--1250},
      ISSN = {0030-8730},
   MRCLASS = {15.25},
  MRNUMBER = {0151473},
MRREVIEWER = {O. Taussky-Todd},
       URL = {http://projecteuclid.org/euclid.pjm/1103036125},
}
@article {FiePta62,
    AUTHOR = {Fiedler, Miroslav and Pt\'ak, Vlastimil},
     TITLE = {Generalized norms of matrices and the location of the
              spectrum},
   JOURNAL = {Czechoslovak Math. J.},
  FJOURNAL = {Czechoslovak Mathematical Journal},
    VOLUME = {12 (87)},
      YEAR = {1962},
     PAGES = {558--571},
      ISSN = {0011-4642},
   MRCLASS = {47.10},
  MRNUMBER = {0146667},
MRREVIEWER = {L. de Branges},
}
@article{FraLiuRooStyZho09,
    AUTHOR = {Franz, Sebastian and Liu, Fang and Roos, Hans-G\"{o}rg and Stynes,
              Martin and Zhou, Aihui},
     TITLE = {The combination technique for a two-dimensional
              convection-diffusion problem with exponential layers},
   JOURNAL = {Appl. Math.},
  FJOURNAL = {Applications of Mathematics},
    VOLUME = {54},
      YEAR = {2009},
    NUMBER = {3},
     PAGES = {203--223},
      ISSN = {0862-7940},
   MRCLASS = {65N30 (65N15)},
  MRNUMBER = {2530539},
MRREVIEWER = {Riccardo Sacco},
       DOI = {10.1007/s10492-009-0013-9},
       URL = {https://doi.org/10.1007/s10492-009-0013-9},
}
@article {FroSzy14,
    AUTHOR = {Frommer, Andreas and Szyld, Daniel B.},
     TITLE = {On necessary conditions for convergence of stationary
              iterative methods for {H}ermitian semidefinite linear systems},
   JOURNAL = {Linear Algebra Appl.},
  FJOURNAL = {Linear Algebra and its Applications},
    VOLUME = {453},
      YEAR = {2014},
     PAGES = {192--201},
      ISSN = {0024-3795},
   MRCLASS = {65F10 (15A06)},
  MRNUMBER = {3201693},
MRREVIEWER = {Mouhamadou Dosso},
       DOI = {10.1016/j.laa.2014.04.011},
       URL = {https://doi.org/10.1016/j.laa.2014.04.011},
}
@article {FroNabSzy08,
    AUTHOR = {Frommer, Andreas and Nabben, Reinhard and Szyld, Daniel B.},
     TITLE = {Convergence of stationary iterative methods for {H}ermitian
              semidefinite linear systems and applications to {S}chwarz
              methods},
   JOURNAL = {SIAM J. Matrix Anal. Appl.},
  FJOURNAL = {SIAM Journal on Matrix Analysis and Applications},
    VOLUME = {30},
      YEAR = {2008},
    NUMBER = {2},
     PAGES = {925--938},
      ISSN = {0895-4798},
   MRCLASS = {65F10 (65F20)},
  MRNUMBER = {2443978},
MRREVIEWER = {Giuseppe Rodriguez},
       DOI = {10.1137/080714038},
       URL = {https://doi.org/10.1137/080714038},
}
@book{Gal13,
  title={Projectors and Projection Methods},
  author={Gal{\'a}ntai, Aur{\'e}l},
  volume={6},
  year={2013},
  publisher={Springer Science \& Business Media}
}
@article{Gan08,
  AUTHOR = {Gander, Martin J.},
  TITLE = {Schwarz methods over the course of time},
  JOURNAL = {Electron. Trans. Numer. Anal.},
  FJOURNAL = {Electronic Transactions on Numerical Analysis},
  VOLUME = {31},
  YEAR = {2008},
  PAGES = {228--255},
  ISSN = {1068-9613},
  MRCLASS = {65N55 (65F10)},
  MRNUMBER = {2569603},
  MRREVIEWER = {Marco Donatelli},
}
@incollection {GanWan14,
    AUTHOR = {Gander, Martin J. and Wanner, Gerhard},
     TITLE = {The origins of the alternating {S}chwarz method},
 BOOKTITLE = {Domain decomposition methods in science and engineering {XXI}},
    SERIES = {Lect. Notes Comput. Sci. Eng.},
    VOLUME = {98},
     PAGES = {487--495},
 PUBLISHER = {Springer, Cham},
      YEAR = {2014},
   MRCLASS = {65N55 (01A55 65-03)},
  MRNUMBER = {3618408},
}
@article {GanZha19,
    AUTHOR = {Gander, Martin J. and Zhang, Hui},
     TITLE = {A class of iterative solvers for the {H}elmholtz equation:
              factorizations, sweeping preconditioners, source transfer,
              single layer potentials, polarized traces, and optimized
              {S}chwarz methods},
   JOURNAL = {SIAM Rev.},
  FJOURNAL = {SIAM Review},
    VOLUME = {61},
      YEAR = {2019},
    NUMBER = {1},
     PAGES = {3--76},
      ISSN = {0036-1445},
   MRCLASS = {65N55 (65F10 65N22)},
  MRNUMBER = {3908314},
       DOI = {10.1137/16M109781X},
       URL = {https://doi.org/10.1137/16M109781X},
}
@article{GanLoiSzy12,
  AUTHOR = {Gander, Martin J. and Loisel, S\'ebastien and Szyld, Daniel B.},
  TITLE = {An optimal block iterative method and preconditioner for banded matrices with applications to {PDE}s on irregular domains},
  JOURNAL = {SIAM J. Matrix Anal. Appl.},
  FJOURNAL = {SIAM Journal on Matrix Analysis and Applications},
  VOLUME = {33},
  YEAR = {2012},
  NUMBER = {2},
  PAGES = {653--680},
  ISSN = {0895-4798},
  MRCLASS = {65F08 (65N22 65N55)},
  MRNUMBER = {2970224},
  MRREVIEWER = {Thomas K. Huckle},
  DOI = {10.1137/100796194},
  URL = {http://dx.doi.org/10.1137/100796194},
}
@phdthesis{Gaul14,
   author = {Gaul, Andr{\'e}},
    title = {Recycling Krylov subspace methods for sequences of linear systems: Analysis and applications},
   school = {Technische Universität Berlin, Fakultät II - Mathematik und Naturwissenschaften},
     year = {2014},
     type = {Doctoral Thesis},
  address = {Berlin},
      doi = {10.14279/depositonce-4147},
      url = {http://dx.doi.org/10.14279/depositonce-4147},
 keywords = {Folge linearer Gleichungssysteme, Krylov Unterraummethode, Numerische Mathematik, Recycling, Krylov subspace method, Numerical analysis, Recycling, Sequence of linear systems},
}

@book{GolVan13,
   AUTHOR = {Golub, Gene H. and Van Loan, Charles F.},
     TITLE = {Matrix computations},
    SERIES = {Johns Hopkins Studies in the Mathematical Sciences},
   EDITION = {Fourth},
 PUBLISHER = {Johns Hopkins University Press, Baltimore, MD},
      YEAR = {2013},
     PAGES = {xiv+756},
      ISBN = {978-1-4214-0794-4; 1-4214-0794-9; 978-1-4214-0859-0},
   MRCLASS = {65-02 (65Fxx)},
  MRNUMBER = {3024913},
MRREVIEWER = {J\"{o}rg Liesen},
}
@book{Gre97,
    AUTHOR = {Greenbaum, Anne},
     TITLE = {Iterative methods for solving linear systems},
    SERIES = {Frontiers in Applied Mathematics},
    VOLUME = {17},
 PUBLISHER = {Society for Industrial and Applied Mathematics (SIAM),
              Philadelphia, PA},
      YEAR = {1997},
     PAGES = {xiv+220},
      ISBN = {0-89871-396-X},
   MRCLASS = {65F10 (65-02 65F50)},
  MRNUMBER = {1474725},
MRREVIEWER = {R. P. Tewarson},
       DOI = {10.1137/1.9781611970937},
       URL = {https://doi.org/10.1137/1.9781611970937},
}
@article {GreStrPta96,
    AUTHOR = {Greenbaum, Anne and Pt\'{a}k, Vlastimil and Strako\v{s}, Zden\v{e}k},
     TITLE = {Any nonincreasing convergence curve is possible for {GMRES}},
   JOURNAL = {SIAM J. Matrix Anal. Appl.},
  FJOURNAL = {SIAM Journal on Matrix Analysis and Applications},
    VOLUME = {17},
      YEAR = {1996},
    NUMBER = {3},
     PAGES = {465--469},
      ISSN = {0895-4798},
   MRCLASS = {65F10 (65F15)},
  MRNUMBER = {1397238},
       DOI = {10.1137/S0895479894275030},
       URL = {https://doi.org/10.1137/S0895479894275030},
}
@article{GraKos74,
  title={Natural convection, diffusion and chemical reaction in a catalytic reactor: numerical results},
  author={Gray, WG and Kostin, MD},
  journal={The Chemical Engineering Journal},
  volume={8},
  number={1},
  pages={1--10},
  year={1974},
  publisher={Elsevier}
}

@book {GriDolSil15,
    AUTHOR = {Griffiths, David F. and Dold, John W. and Silvester, David J.},
     TITLE = {Essential Partial Differential Equations},
    SERIES = {Springer Undergraduate Mathematics Series},
      NOTE = {Analytical and Computational Aspects},
 PUBLISHER = {Springer, Cham},
      YEAR = {2015},
     PAGES = {xi+368},
      ISBN = {978-3-319-22568-5; 978-3-319-22569-2},
   MRCLASS = {35-01 (65-01)},
  MRNUMBER = {3381759},
       DOI = {10.1007/978-3-319-22569-2},
       URL = {https://doi.org/10.1007/978-3-319-22569-2},
}
@book {Hac10,
  title = {Elliptic Differential Equations},
  author = {Hackbusch, Wolfgang},
  series = {Springer Series in Computational Mathematics},
  volume = {18},
  edition = {English},
  note = {Theory and numerical treatment, Translated from the 1986 corrected German edition by Regine Fadiman and Patrick D. F. Ion},
  publisher = {Springer-Verlag, Berlin},
  year = {2010},
  pages = {xiv+311},
  isbn = {978-3-642-05244-6},
  mrclass = {35-01 (35B25 35B65 35J25 35P05 65-01)},
  mrnumber= {2683186},
  doi = {10.1007/978-3-642-11490-8},
  url = {http://dx.doi.org/10.1007/978-3-642-11490-8},
}
@book{Har97,
    AUTHOR = {Harville, David A.},
     TITLE = {Matrix Algebra from a Statistician's Perspective},
 PUBLISHER = {Springer-Verlag, New York},
      YEAR = {1997},
     PAGES = {xviii+630},
      ISBN = {0-387-94978-X},
   MRCLASS = {15-01},
  MRNUMBER = {1467237},
MRREVIEWER = {R. Kala},
       URL = {https://doi.org/10.1007/b98818},
}
@book{HorJoh12,
    AUTHOR = {Horn, Roger A. and Johnson, Charles R.},
     TITLE = {Matrix Analysis},
   EDITION = {2nd edition},
 PUBLISHER = {Cambridge University Press, Cambridge},
      YEAR = {2013},
     PAGES = {xviii+643},
      ISBN = {978-0-521-54823-6},
   MRCLASS = {15-01},
  MRNUMBER = {2978290},
MRREVIEWER = {Mohammad Sal Moslehian},
}
@book {HorJoh91,
    AUTHOR = {Horn, Roger A. and Johnson, Charles R.},
     TITLE = {Topics in Matrix Analysis},
 PUBLISHER = {Cambridge University Press, Cambridge},
      YEAR = {1991},
     PAGES = {viii+607},
      ISBN = {0-521-30587-X},
   MRCLASS = {15-02 (15-01 65-02)},
  MRNUMBER = {1091716},
MRREVIEWER = {S. Lajos},
       DOI = {10.1017/CBO9780511840371},
       URL = {https://doi.org/10.1017/CBO9780511840371},
}

@article {Ike79,
    AUTHOR = {Ikebe, Yasuhiko},
     TITLE = {On inverses of {H}essenberg matrices},
   JOURNAL = {Linear Algebra Appl.},
  FJOURNAL = {Linear Algebra and its Applications},
    VOLUME = {24},
      YEAR = {1979},
     PAGES = {93--97},
      ISSN = {0024-3795},
   MRCLASS = {15A09},
  MRNUMBER = {524828},
MRREVIEWER = {M. F. Smiley},
       URL = {https://doi.org/10.1016/0024-3795(79)90149-6},
}
@article{KahKamPhi07,
  AUTHOR = {Kahou, Guy Antoine Atenekeng and Kamgnia, Emmanuel and Philippe, Bernard},
  TITLE = {An explicit formulation of the multiplicative {S}chwarz preconditioner},
  JOURNAL = {Appl. Numer. Math.},
  FJOURNAL = {Applied Numerical Mathematics. An IMACS Journal},
  VOLUME = {57},
  YEAR = {2007},
  NUMBER = {11-12},
  PAGES = {1197--1213},
  ISSN = {0168-9274},
  MRCLASS = {65F10 (65N22)},
  MRNUMBER = {2355412},
  MRREVIEWER = {Dimitrios Noutsos},
  DOI = {10.1016/j.apnum.2007.01.009},
  URL = {http://dx.doi.org/10.1016/j.apnum.2007.01.009},
}
@article{KopOri10,
  AUTHOR = {Kopteva, Natalia and O'Riordan, Eugene},
  TITLE = {Shishkin meshes in the numerical solution of singularly perturbed differential equations},
  JOURNAL = {Int. J. Numer. Anal. Model.},
  FJOURNAL = {International Journal of Numerical Analysis and Modeling},
  VOLUME = {7},
  YEAR = {2010},
  NUMBER = {3},
  PAGES = {393--415},
  ISSN = {1705-5105},
  MRCLASS = {65L11 (35B25 65L50 65N06 65N50)},
  MRNUMBER = {2644280},
  MRREVIEWER = {Igor P. Boglaev},
}
@article {KraParSte83,
    AUTHOR = {Kratzer, David and Parter, Seymour V. and Steuerwalt, Michael},
     TITLE = {Block splittings for the conjugate gradient method},
   JOURNAL = {Comput. \& Fluids},
  FJOURNAL = {Computers \& Fluids. An International Journal},
    VOLUME = {11},
      YEAR = {1983},
    NUMBER = {4},
     PAGES = {255--279},
      ISSN = {0045-7930},
   MRCLASS = {65F10},
  MRNUMBER = {726692},
       DOI = {10.1016/0045-7930(83)90015-4},
       URL = {https://doi.org/10.1016/0045-7930(83)90015-4},
}
@article{KriStrWer15,
    AUTHOR = {Krishtal, Ilya and Strohmer, Thomas and Wertz, Tim},
     TITLE = {Localization of matrix factorizations},
   JOURNAL = {Found. Comput. Math.},
  FJOURNAL = {Foundations of Computational Mathematics. The Journal of the
              Society for the Foundations of Computational Mathematics},
    VOLUME = {15},
      YEAR = {2015},
    NUMBER = {4},
     PAGES = {931--951},
      ISSN = {1615-3375},
   MRCLASS = {47A56 (47A60 47A68)},
  MRNUMBER = {3371374},
MRREVIEWER = {Alexey S. Tikhonov},
       URL = {https://doi.org/10.1007/s10208-014-9196-x},
}
@article{LanRosSzy91,
  AUTHOR = {Lanzkron, Paul J. and Rose, Donald J. and Szyld, Daniel B.},
  TITLE = {Convergence of nested classical iterative methods for linear systems},
  JOURNAL = {Numer. Math.},
  FJOURNAL = {Numerische Mathematik},
  VOLUME = {58},
  YEAR = {1991},
  NUMBER = {7},
  PAGES = {685--702},
  ISSN = {0029-599X},
  MRCLASS = {65F10},
  MRNUMBER = {1090255},
  MRREVIEWER = {Olexander S. Babanin},
  DOI = {10.1007/BF01385649},
  URL = {http://dx.doi.org/10.1007/BF01385649},
}
@article{LieStr03,
  AUTHOR = {Liesen, J. and Strako{\v s}, Z.},
  TITLE = {G{MRES} convergence analysis for a convection-diffusion model problem},
  JOURNAL = {SIAM J. Sci. Comput.},
  FJOURNAL = {SIAM Journal on Scientific Computing},
  VOLUME = {26},
  YEAR = {2005},
  NUMBER = {6},
  PAGES = {1989--2009},
  ISSN = {1064-8275},
  MRCLASS = {65F10 (76M10 76R99)},
  MRNUMBER = {2196585},
  MRREVIEWER = {Rafael J. Villanueva},
  DOI = {10.1137/S1064827503430746},
  URL = {http://dx.doi.org/10.1137/S1064827503430746},
}
@article{LieStr03-2,
  author = {Liesen, J. and Strako{\v s}, Z.},
  doi = {10.1002/pamm.200310},
  journal = {Proceedings in Applied Math and Mechanics},
  pages = {551--552},
  title = {{Slow initial convergence of GMRES for SUPG discretized convection-diffusion problems}},
  url = {http://opus.bath.ac.uk/7150/},
  volume = {3},
  year = {2003}
}
@book{LieStr12,
AUTHOR = {Liesen, J\"{o}rg and Strako{\v s}, Zden{\v e}k},
  TITLE = {Krylov Subspace Methods: Principles and Analysis},
 SERIES = {Numerical Mathematics and Scientific Computation},
PUBLISHER = {Oxford University Press, Oxford},
   YEAR = {2013},
  PAGES = {xvi+391},
   ISBN = {978-0-19-965541-0},
MRCLASS = {65F10 (65F15)},
MRNUMBER = {3024841},
MRREVIEWER = {Melina A. Freitag},
}
@article {LinSty15,
    AUTHOR = {Lin, Runchang and Stynes, Martin},
     TITLE = {A balanced finite element method for a system of singularly
              perturbed reaction-diffusion two-point boundary value
              problems},
   JOURNAL = {Numer. Algorithms},
  FJOURNAL = {Numerical Algorithms},
    VOLUME = {70},
      YEAR = {2015},
    NUMBER = {4},
     PAGES = {691--707},
      ISSN = {1017-1398},
   MRCLASS = {65L60 (65L10 65L11 65L50 65L70)},
  MRNUMBER = {3428676},
MRREVIEWER = {Gh. Adam},
       DOI = {10.1007/s11075-015-9969-6},
       URL = {https://doi.org/10.1007/s11075-015-9969-6},
}
@book{Lin10,
    AUTHOR = {Lin\ss , Torsten},
     TITLE = {Layer-adapted meshes for reaction-convection-diffusion
              problems},
    SERIES = {Lecture Notes in Mathematics},
    VOLUME = {1985},
 PUBLISHER = {Springer-Verlag, Berlin},
      YEAR = {2010},
     PAGES = {xii+320},
      ISBN = {978-3-642-05133-3},
   MRCLASS = {65N50 (65-02)},
  MRNUMBER = {2583792},
MRREVIEWER = {Tsu-Fen Chen},
       DOI = {10.1007/978-3-642-05134-0},
       URL = {https://doi.org/10.1007/978-3-642-05134-0},
}
@article{LinSty01,
  title={Numerical methods on {S}hishkin meshes for linear convection-diffusion problems},
  author={Lin{\ss}, T. and Stynes, M.},
  journal={Comput. Methods Appl. Mech. Engrg.},
  volume={190},
  number={28},
  pages={3527--3542},
  year={2001},
  publisher={Elsevier}
}
@incollection {Lio88,
    AUTHOR = {Lions, P.-L.},
     TITLE = {On the {S}chwarz alternating method. {I}},
 BOOKTITLE = {First {I}nternational {S}ymposium on {D}omain {D}ecomposition
              {M}ethods for {P}artial {D}ifferential {E}quations ({P}aris,
              1987)},
     PAGES = {1--42},
 PUBLISHER = {SIAM, Philadelphia, PA},
      YEAR = {1988},
   MRCLASS = {65N35 (35J05 35Q10)},
  MRNUMBER = {972510},
MRREVIEWER = {N. Gass},
}
@incollection{MacMilOriShi00,
  title={Overlapping {S}chwartz Method for singularly perturbed convection-diffusion problems with boundary layers},
  author={MacMullen, H. and Miller, J. J. H. and O'Riordan, E. and Shishkin, G. I.},
  editor={Miller, J. J. H. and Shishkin, G. I. and Vulkov, L.},
  booktitle={Analytical and Numerical Methods for Convection-Dominated and Singularly Perturbed Problems},
  pages={33--42},
  year={2000},
  publisher={Nova Science Publishers New York}
}
@article{MacMilOriShi01,
  AUTHOR = {MacMullen, H. and Miller, J. J. H. and O'Riordan, E. and Shishkin, G. I.},
  TITLE = {A second-order parameter-uniform overlapping {S}chwarz method for reaction-diffusion problems with boundary layers},
  JOURNAL = {J. Comput. Appl. Math.},
  FJOURNAL = {Journal of Computational and Applied Mathematics},
  VOLUME = {130},
  YEAR = {2001},
  NUMBER = {1-2},
  PAGES = {231--244},
  ISSN = {0377-0427},
  MRCLASS = {65L10 (35B25 35K57 65L12)},
  MRNUMBER = {1827983},
  MRREVIEWER = {Igor P. Boglaev},
  DOI = {10.1016/S0377-0427(99)00380-5},
  URL = {http://dx.doi.org/10.1016/S0377-0427(99)00380-5},
}
@inproceedings{MacOriShi00,
  title={Schwarz methods for convection-diffusion problems},
  author = {MacMullen, H. and O'Riordan, E. and Shishkin, G. I.},
  editor={Vulkov, L. and Wasniewski, J. and Yamalov, P.},
  booktitle={Proceedings of the 2nd International Conference on Numerical Analysis and Its Applications},
  pages={544--551},
  year={2000},
  organization={Springer}
}
@article{MacOriShi02,
  AUTHOR = {MacMullen, H. and O'Riordan, E. and Shishkin, G. I.},
  TITLE = {The convergence of classical {S}chwarz methods applied to convection-diffusion problems with regular boundary layers},
  JOURNAL = {Appl. Numer. Math.},
  FJOURNAL = {Applied Numerical Mathematics. An IMACS Journal},
  VOLUME = {43},
  YEAR = {2002},
  NUMBER = {3},
  PAGES = {297--313},
  ISSN = {0168-9274},
  MRCLASS = {65N55 (65N06 65N12)},
  MRNUMBER = {1938264},
  MRREVIEWER = {JiChun Li},
  DOI = {10.1016/S0168-9274(01)00177-5},
  URL = {http://dx.doi.org/10.1016/S0168-9274(01)00177-5},
}
@article {MarSzm89,
    AUTHOR = {Markowich, Peter A. and Szmolyan, Peter},
     TITLE = {A system of convection-diffusion equations with small
              diffusion coefficient arising in semiconductor physics},
   JOURNAL = {J. Differential Equations},
  FJOURNAL = {Journal of Differential Equations},
    VOLUME = {81},
      YEAR = {1989},
    NUMBER = {2},
     PAGES = {234--254},
      ISSN = {0022-0396},
   MRCLASS = {35K60 (35B25 82A99)},
  MRNUMBER = {1016081},
MRREVIEWER = {Zi Qian Yan},
       DOI = {10.1016/0022-0396(89)90122-8},
       URL = {https://doi.org/10.1016/0022-0396(89)90122-8},
}
@book{Meu99,
  AUTHOR = {Meurant, G.},
  TITLE = {Computer Solution of Large Linear Systems},
  SERIES = {Studies in Mathematics and its Applications},
  VOLUME = {28},
  PUBLISHER = {North-Holland Publishing Co., Amsterdam},
  YEAR = {1999},
  PAGES = {xxii+753},
  ISBN = {0-444-50169-X},
  MRCLASS = {65-02 (65F10 65F50 65N22)},
  MRNUMBER = {1700774},
  MRREVIEWER = {Jesse L. Barlow},
  URL = {http://www.ams.org/mathscinet-getitem?mr=2000f:65003}
}
@book{MilOriShi96,
  AUTHOR = {Miller, J. J. H. and O'Riordan, E. and Shishkin, G. I.},
  TITLE = {Fitted Numerical Methods for Singular Perturbation Problems: Error Estimates in the Maximum Norm for Linear Problems in One and Two Dimensions},
  EDITION = {Revised},
  PUBLISHER = {World Scientific Publishing Co. Pte. Ltd., Hackensack, NJ},
  YEAR = {2012},
  PAGES = {xiv+176},
  ISBN = {978-981-4390-73-6; 981-4390-73-9},
  MRCLASS = {65-02 (34E15 35B25 65L50 65M50 65N50)},
  MRNUMBER = {2978532},
  DOI = {10.1142/9789814390743},
  URL = {http://dx.doi.org/10.1142/9789814390743},
}
@book {Mor96,
    AUTHOR = {Morton, K. W.},
     TITLE = {Numerical solution of convection-diffusion problems},
    SERIES = {Applied Mathematics and Mathematical Computation},
    VOLUME = {12},
 PUBLISHER = {Chapman \& Hall, London},
      YEAR = {1996},
     PAGES = {xii+372},
      ISBN = {0-412-56440-8},
   MRCLASS = {65-02 (65Mxx 65Nxx 76Mxx 76Rxx)},
  MRNUMBER = {1445295},
MRREVIEWER = {Martin Stynes},
}
@article{Nabben99,
  AUTHOR = {Nabben, Reinhard},
  TITLE = {Two-sided bounds on the inverses of diagonally dominant tridiagonal matrices},
  NOTE = {Special issue celebrating the 60th birthday of Ludwig Elsner},
  JOURNAL = {Linear Algebra Appl.},
  FJOURNAL = {Linear Algebra and its Applications},
  VOLUME = {287},
  YEAR = {1999},
  NUMBER = {1-3},
  PAGES = {289--305},
  ISSN = {0024-3795},
  MRCLASS = {15A09},
  MRNUMBER = {1662873},
  MRREVIEWER = {Predrag S. Stanimirovi\"A},
  DOI = {10.1016/S0024-3795(98)10146-5},
  URL = {http://dx.doi.org/10.1016/S0024-3795(98)10146-5},
}
@article {Nabben99-2,
    AUTHOR = {Nabben, Reinhard},
     TITLE = {Decay rates of the inverse of nonsymmetric tridiagonal and
              band matrices},
   JOURNAL = {SIAM J. Matrix Anal. Appl.},
  FJOURNAL = {SIAM Journal on Matrix Analysis and Applications},
    VOLUME = {20},
      YEAR = {1999},
    NUMBER = {3},
     PAGES = {820--837},
      ISSN = {0895-4798},
   MRCLASS = {65F10 (15A09 15A48 15A57)},
  MRNUMBER = {1695166},
MRREVIEWER = {George D. Poole},
       URL = {https://doi.org/10.1137/S0895479897317259},
}
@article {Ost61,
    AUTHOR = {Ostrowski, A. M.},
     TITLE = {On some metrical properties of operator matrices and matrices
              partitioned into blocks},
   JOURNAL = {J. Math. Anal. Appl.},
  FJOURNAL = {Journal of Mathematical Analysis and Applications},
    VOLUME = {2},
      YEAR = {1961},
     PAGES = {161--209},
      ISSN = {0022-247x},
   MRCLASS = {47.90 (15.00)},
  MRNUMBER = {0130561},
MRREVIEWER = {H. Schwerdtfeger},
       URL = {https://doi.org/10.1016/0022-247X(61)90030-0},
}
@article{PalSim15,
  title={Matrix-equation-based strategies for convection--diffusion equations},
  author={Palitta, Davide and Simoncini, Valeria},
  journal={BIT Numerical Mathematics},
  pages={1--26},
  year={2015},
  publisher={Springer}
}
@article {PapLieStr14,
    AUTHOR = {Pape\v{z}, J. and Liesen, J. and Strako\v{s}, Z.},
     TITLE = {Distribution of the discretization and algebraic error in
              numerical solution of partial differential equations},
   JOURNAL = {Linear Algebra Appl.},
  FJOURNAL = {Linear Algebra and its Applications},
    VOLUME = {449},
      YEAR = {2014},
     PAGES = {89--114},
      ISSN = {0024-3795},
   MRCLASS = {65F35 (65L10 65L70)},
  MRNUMBER = {3191862},
       DOI = {10.1016/j.laa.2014.02.009},
       URL = {https://doi.org/10.1016/j.laa.2014.02.009},
}
@article {PelPol01,
    AUTHOR = {Peluso, R. and Politi, T.},
     TITLE = {Some improvements for two-sided bounds on the inverse of
              diagonally dominant tridiagonal matrices},
   JOURNAL = {Linear Algebra Appl.},
  FJOURNAL = {Linear Algebra and its Applications},
    VOLUME = {330},
      YEAR = {2001},
    NUMBER = {1-3},
     PAGES = {1--14},
      ISSN = {0024-3795},
   MRCLASS = {15A45 (33C10)},
  MRNUMBER = {1826644},
MRREVIEWER = {Shuangzhe Liu},
       URL = {https://doi.org/10.1016/S0024-3795(01)00254-3},
}
@article{PitHel19,
    AUTHOR = {Pitton, G. and Heltai, L.},
     TITLE = {Accelerating the iterative solution of convection-diffusion
              problems using singular value decomposition},
   JOURNAL = {Numer. Linear Algebra Appl.},
  FJOURNAL = {Numerical Linear Algebra with Applications},
    VOLUME = {26},
      YEAR = {2019},
    NUMBER = {1},
     PAGES = {e2211, 21},
      ISSN = {1070-5325},
   MRCLASS = {65F15 (65M22)},
  MRNUMBER = {3891307},
       DOI = {10.1002/nla.2211},
       URL = {https://doi.org/10.1002/nla.2211},
}
@article{Roo96,
  AUTHOR = {Roos, Hans-G\"org},
  TITLE = {A note on the conditioning of upwind schemes on {S}hishkin meshes},
  JOURNAL = {IMA J. Numer. Anal.},
  FJOURNAL = {IMA Journal of Numerical Analysis},
  VOLUME = {16},
  YEAR = {1996},
  NUMBER = {4},
  PAGES = {529--538},
  ISSN = {0272-4979},
  MRCLASS = {65N06},
  MRNUMBER = {1414845},
  DOI = {10.1093/imanum/16.4.529},
  URL = {http://dx.doi.org/10.1093/imanum/16.4.529},
}
@book{RooStyTob08,
    AUTHOR = {Roos, Hans-G\"{o}rg and Stynes, Martin and Tobiska, Lutz},
     TITLE = {Robust numerical methods for singularly perturbed differential
              equations},
    SERIES = {Springer Series in Computational Mathematics},
    VOLUME = {24},
   EDITION = {2nd edition},
      NOTE = {Convection-diffusion-reaction and flow problems},
 PUBLISHER = {Springer-Verlag, Berlin},
      YEAR = {2008},
     PAGES = {xiv+604},
      ISBN = {978-3-540-34466-7},
   MRCLASS = {65-02 (35B25 65Lxx 65Mxx 65Nxx 76M10 76V05)},
  MRNUMBER = {2454024},
MRREVIEWER = {Eugene O'Riordan},
}
@ARTICLE{Sty13,
       author = {{Stynes}, Martin},
        title = "{Numerical methods for convection-diffusion problems or The 30 years war}",
      journal = {arXiv e-prints},
     keywords = {Mathematics - Numerical Analysis, 65L, 65N},
         year = "2013",
        month = "Jun",
          eid = {arXiv:1306.5172},
        pages = {arXiv:1306.5172},
archivePrefix = {arXiv},
       eprint = {1306.5172},
 primaryClass = {math.NA},
       adsurl = {https://ui.adsabs.harvard.edu/abs/2013arXiv1306.5172S},
      adsnote = {Provided by the SAO/NASA Astrophysics Data System}
}
@article {Saa86,
    AUTHOR = {Saad, Youcef and Schultz, Martin H.},
     TITLE = {G{MRES}: a generalized minimal residual algorithm for solving
              nonsymmetric linear systems},
   JOURNAL = {SIAM J. Sci. Statist. Comput.},
  FJOURNAL = {Society for Industrial and Applied Mathematics. Journal on
              Scientific and Statistical Computing},
    VOLUME = {7},
      YEAR = {1986},
    NUMBER = {3},
     PAGES = {856--869},
      ISSN = {0196-5204},
   MRCLASS = {65F50 (65F10)},
  MRNUMBER = {848568},
       DOI = {10.1137/0907058},
       URL = {https://doi.org/10.1137/0907058},
}

@book{Saa03,
author = {Saad, Yousef},
title = {Iterative Methods for Sparse Linear Systems},
publisher = {Society for Industrial and Applied Mathematics},
year = {2003},
doi = {10.1137/1.9780898718003},
address = {Philadelphia, U.S.A.},
edition   = {2nd edition},
URL = {https://epubs.siam.org/doi/abs/10.1137/1.9780898718003},
}
@article {Sch69,
    AUTHOR = {Schwarz, H. A.},
     TITLE = {Ueber einige {A}bbildungsaufgaben},
   JOURNAL = {J. Reine Angew. Math.},
  FJOURNAL = {Journal f\"{u}r die Reine und Angewandte Mathematik. [Crelle's
              Journal]},
    VOLUME = {70},
      YEAR = {1869},
     PAGES = {105--120},
      ISSN = {0075-4102},
   MRCLASS = {DML},
  MRNUMBER = {1579435},
       DOI = {10.1515/crll.1869.70.105},
       URL = {https://doi.org/10.1515/crll.1869.70.105},
}
@book{Smi85,
  title={Numerical Solution of Partial Differential Equations: Finite Difference Methods},
  author={Smith, G.D.},
  isbn={9780198596509},
  lccn={85019867},
  series={Oxford Applied Mathematics and},
  url={https://books.google.de/books?id=hDpvljaHOrMC},
  year={1985},
  publisher={Clarendon Press}
}
@book {SmiBjoGro96,
    AUTHOR = {Smith, Barry F. and Bj\o rstad, Petter E. and Gropp, William D.},
     TITLE = {Domain decomposition},
      NOTE = {Parallel multilevel methods for elliptic partial differential
              equations},
 PUBLISHER = {Cambridge University Press, Cambridge},
      YEAR = {1996},
     PAGES = {xii+224},
      ISBN = {0-521-49589-X},
   MRCLASS = {65-01 (65M55 65N55)},
  MRNUMBER = {1410757},
MRREVIEWER = {Lutz Tobiska},
}
@book {Ste01,
    AUTHOR = {Stewart, G. W.},
     TITLE = {Matrix algorithms. {V}ol. {II}},
      NOTE = {Eigensystems},
 PUBLISHER = {Society for Industrial and Applied Mathematics (SIAM),
              Philadelphia, PA},
      YEAR = {2001},
     PAGES = {xx+469},
      ISBN = {0-89871-503-2},
   MRCLASS = {65-01 (65F15)},
  MRNUMBER = {1853468},
       DOI = {10.1137/1.9780898718058},
       URL = {https://doi.org/10.1137/1.9780898718058},
}
@article{Sty05,
  AUTHOR = {Stynes, Martin},
  TITLE = {Steady-state convection-diffusion problems},
  JOURNAL = {Acta Numer.},
  FJOURNAL = {Acta Numerica},
  VOLUME = {14},
  YEAR = {2005},
  PAGES = {445--508},
  ISSN = {0962-4929},
  MRCLASS = {35J25 (35-02 35B40 65N06 65N30 76Mxx 76Rxx)},
  MRNUMBER = {2170509},
  DOI = {10.1017/S0962492904000261},
  URL = {http://dx.doi.org/10.1017/S0962492904000261},
}
@article{Szy06,
  AUTHOR = {Szyld, Daniel B.},
  TITLE = {The many proofs of an identity on the norm of oblique projections},
  JOURNAL = {Numer. Algorithms},
  FJOURNAL = {Numerical Algorithms},
  VOLUME = {42},
  YEAR = {2006},
  NUMBER = {3-4},
  PAGES = {309--323},
  ISSN = {1017-1398},
  MRCLASS = {46C05 (15A24)},
  MRNUMBER = {2279449},
  MRREVIEWER = {Vladimir Rako\"Aevi\"A},
  DOI = {10.1007/s11075-006-9046-2},
  URL = {http://dx.doi.org/10.1007/s11075-006-9046-2},
}
@book{TosWid05,
  AUTHOR = {Toselli, Andrea and Widlund, Olof},
  TITLE = {Domain Decomposition Methods---Algorithms and Theory},
  SERIES = {Springer Series in Computational Mathematics},
  VOLUME = {34},
  PUBLISHER = {Springer-Verlag, Berlin},
  YEAR = {2005},
  PAGES = {xvi+450},
  ISBN = {3-540-20696-5},
  MRCLASS = {65-02 (65N55 74S05 76M10)},
  MRNUMBER = {2104179},
  MRREVIEWER = {R\~A\copyright{}mi Vaillancourt},
  DOI = {10.1007/b137868},
  URL = {http://dx.doi.org/10.1007/b137868},
}
@article {Usm94,
  AUTHOR = {Usmani, R. A.},
  TITLE = {Inversion of {J}acobi's tridiagonal matrix},
  JOURNAL = {Comput. Math. Appl.},
  FJOURNAL = {Computers & Mathematics with Applications. An International Journal},
  VOLUME = {27},
  YEAR = {1994},
  NUMBER = {8},
  PAGES = {59--66},
  ISSN = {0898-1221},
  MRCLASS = {65F10 (15A09)},
  MRNUMBER = {1270775},
  DOI = {10.1016/0898-1221(94)90066-3},
  URL = {http://dx.doi.org/10.1016/0898-1221(94)90066-3},
}
@book{Var09,
AUTHOR = {Varga, Richard S.},
    TITLE = {Matrix Iterative Analysis},
   SERIES = {Springer Series in Computational Mathematics},
   VOLUME = {27},
  EDITION = {Expanded edition},
PUBLISHER = {Springer-Verlag, Berlin},
     YEAR = {2000},
    PAGES = {x+358},
     ISBN = {3-540-66321-5},
  MRCLASS = {65-01 (15A48 65Fxx)},
 MRNUMBER = {1753713},
MRREVIEWER = {George D. Poole},
      DOI = {10.1007/978-3-642-05156-2},
      URL = {https://doi.org/10.1007/978-3-642-05156-2},
}
@book{Var11,
    AUTHOR = {Varga, Richard S.},
     TITLE = {Gershgorin and His Circles},
    SERIES = {Springer Series in Computational Mathematics},
    VOLUME = {36},
 PUBLISHER = {Springer-Verlag, Berlin},
      YEAR = {2004},
     PAGES = {x+226},
      ISBN = {3-540-21100-4},
   MRCLASS = {15-02 (15-03 15A18 15A42 65-02 65-03 65F15)},
  MRNUMBER = {2093409},
MRREVIEWER = {David Scott Watkins},
       URL = {https://doi.org/10.1007/978-3-642-17798-9},
}
@article{Yue06,
  AUTHOR = {Yueh, Wen-Chyuan},
  TITLE = {Explicit inverses of several tridiagonal matrices},
  JOURNAL = {Appl. Math. E-Notes},
  FJOURNAL = {Applied Mathematics E-Notes},
  VOLUME = {6},
  YEAR = {2006},
  PAGES = {74--83},
  ISSN = {1607-2510},
  MRCLASS = {15A09},
  MRNUMBER = {2219156},
  MRREVIEWER = {Wallace C. Pye},
}
